
    <record>
        <leader>00000nz  a2200169   4500</leader>
        <controlfield tag="001">30076773</controlfield>
        <controlfield tag="003">RISM</controlfield>
        <controlfield tag="005">20160216</controlfield>
        <controlfield tag="008">160216n||az|||||||##########||||||||||||</controlfield>
        <datafield tag="040" ind1=" " ind2=" ">
            <subfield code="a">LV-Lstk</subfield>
        </datafield>
        <datafield tag="043" ind1=" " ind2=" ">
            <subfield code="c">XA-LV</subfield>
        </datafield>
        <datafield tag="110" ind1="2" ind2=" ">
            <subfield code="a">Liepājas Svētās Trīsvienības katedrāle</subfield>
            <subfield code="c">Liepāja</subfield>
            <subfield code="g">LV-Lstk</subfield>
        </datafield>
        <datafield tag="410" ind1="2" ind2=" ">
            <subfield code="a">Evangelisch-Lutherische Dreifaltigkeitskirche Libau</subfield>
        </datafield>
        <datafield tag="622" ind1=" " ind2=" ">
            <subfield code="e">Liepājas Svētās, Trīsvienības katedrāle, Lielā iela 9, LV3401 Liepāja, Latvia</subfield>
            <subfield code="u">http://www.trinitatis.lv</subfield>
        </datafield>
    </record>