
    <record>
        <leader>00000nz  a2200169   4500</leader>
        <controlfield tag="001">30002532</controlfield>
        <controlfield tag="003">RISM</controlfield>
        <controlfield tag="005">20160216</controlfield>
        <controlfield tag="008">160216n||az|||||||##########||||||||||||</controlfield>
        <datafield tag="040" ind1=" " ind2=" ">
            <subfield code="a">LV-R</subfield>
        </datafield>
        <datafield tag="043" ind1=" " ind2=" ">
            <subfield code="c">XA-LV</subfield>
        </datafield>
        <datafield tag="110" ind1="2" ind2=" ">
            <subfield code="a">Jāzepa Vītola Latvijas Mūzikas akadēmija bibliotēka</subfield>
            <subfield code="c">Rīga</subfield>
            <subfield code="g">LV-R</subfield>
        </datafield>
        <datafield tag="410" ind1="2" ind2=" ">
            <subfield code="a">Latvian Academy of music library</subfield>
        </datafield>
        <datafield tag="410" ind1="2" ind2=" ">
            <subfield code="a">Biblioteka Gosudarstvennoj konservatorii Latvijskoj SSR im J. Vitola</subfield>
        </datafield>
        <datafield tag="622" ind1=" " ind2=" ">
            <subfield code="e">Jāzepa Vītola Latvijas Mūzikas akadēmija,  bibliotēka, K. Barona iela 1, 1050 Rīga, Latvia</subfield>
            <subfield code="u">http://www.jvlma.lv/</subfield>
        </datafield>
    </record>