
    <record>
        <leader>00000nz  a2200169   4500</leader>
        <controlfield tag="001">30005478</controlfield>
        <controlfield tag="003">RISM</controlfield>
        <controlfield tag="005">20160216</controlfield>
        <controlfield tag="008">160216n||az|||||||##########||||||||||||</controlfield>
        <datafield tag="040" ind1=" " ind2=" ">
            <subfield code="a">LV-Ra</subfield>
        </datafield>
        <datafield tag="043" ind1=" " ind2=" ">
            <subfield code="c">XA-LV</subfield>
        </datafield>
        <datafield tag="110" ind1="2" ind2=" ">
            <subfield code="a">Latvijas Akadēmiskā bibliotēka</subfield>
            <subfield code="c">Rīga</subfield>
            <subfield code="g">LV-Ra</subfield>
        </datafield>
        <datafield tag="410" ind1="2" ind2=" ">
            <subfield code="a">Latvian Academic Library</subfield>
        </datafield>
        <datafield tag="410" ind1="2" ind2=" ">
            <subfield code="a">Zinātņu Akadēmijas Fundamentālā bibliotēka</subfield>
        </datafield>
        <datafield tag="622" ind1=" " ind2=" ">
            <subfield code="e">Latvijas Akadēmiskā bibliotēka, Rūpniecības str. 10, 1235 Rīga, Latvia</subfield>
            <subfield code="u">http://www.acadlib.lv</subfield>
        </datafield>
    </record>