
    <record>
        <leader>00000nz  a2200169   4500</leader>
        <controlfield tag="001">30004691</controlfield>
        <controlfield tag="003">RISM</controlfield>
        <controlfield tag="005">20160216</controlfield>
        <controlfield tag="008">160216n||az|||||||##########||||||||||||</controlfield>
        <datafield tag="040" ind1=" " ind2=" ">
            <subfield code="a">LV-Rg</subfield>
        </datafield>
        <datafield tag="043" ind1=" " ind2=" ">
            <subfield code="c">XA-LV</subfield>
        </datafield>
        <datafield tag="110" ind1="2" ind2=" ">
            <subfield code="a">Latvijas Nacionālā bibliotēka</subfield>
            <subfield code="c">Rīga</subfield>
            <subfield code="g">LV-Rg</subfield>
        </datafield>
        <datafield tag="410" ind1="2" ind2=" ">
            <subfield code="a">National Library of Latvija</subfield>
        </datafield>
        <datafield tag="410" ind1="2" ind2=" ">
            <subfield code="a">Gosudarstvennaja biblioteka im. V. Lacisa</subfield>
        </datafield>
        <datafield tag="622" ind1=" " ind2=" ">
            <subfield code="e">Latvijas Nacionālā bibliotēka, 14 K. Barona Street, 1423 Rīga, Latvia</subfield>
            <subfield code="u">http://www.lnb.lv</subfield>
        </datafield>
    </record>