
    <record>
        <leader>00000nz  a2200169   4500</leader>
        <controlfield tag="001">30005969</controlfield>
        <controlfield tag="003">RISM</controlfield>
        <controlfield tag="005">20160216</controlfield>
        <controlfield tag="008">160216n||az|||||||##########||||||||||||</controlfield>
        <datafield tag="040" ind1=" " ind2=" ">
            <subfield code="a">LV-Rr</subfield>
        </datafield>
        <datafield tag="043" ind1=" " ind2=" ">
            <subfield code="c">XA-LV</subfield>
        </datafield>
        <datafield tag="110" ind1="2" ind2=" ">
            <subfield code="a">Raina Literaturas un mākslas vēstures muzejs</subfield>
            <subfield code="c">Rīga</subfield>
            <subfield code="g">LV-Rr</subfield>
        </datafield>
        <datafield tag="410" ind1="2" ind2=" ">
            <subfield code="a">Literature, Theatre and Music Museum</subfield>
        </datafield>
        <datafield tag="622" ind1=" " ind2=" ">
            <subfield code="e">Raina Literaturas un mākslas vēstures,  muzejs, Pils laukums 2, 1050 Rīga, Latvia</subfield>
        </datafield>
    </record>
</collection>

